%% Created using Papers on Wed, 25 Nov 2015.
%% http://papersapp.com/papers/

@article{Mochales:2011eg,
author = {Mochales, Raquel and Moens, Marie-Francine},
title = {{Argumentation mining}},
journal = {Artificial Intelligence and Law},
year = {2011},
volume = {19},
number = {1},
pages = {1--22},
month = apr
}

@inproceedings{Anonymous:2014gs,
title = {{Proceedings of the First Workshop on Argumentation Mining}},
booktitle = {Proceedings of the First Workshop on Argumentation Mining},
year = {2014},
publisher = {Association for Computational Linguistics},
address = {Stroudsburg, PA, USA}
}

@article{Dung:1995dsa,
author = {Dung, Phan Minh},
title = {{On the acceptability of arguments and its fundamental role in nonmonotonic reasoning, logic programming and n-person games}},
journal = {Artificial intelligence},
year = {1995},
volume = {77},
number = {2},
pages = {321--357},
month = sep
}

@incollection{Bos:2014hn,
author = {Bos, Johan},
title = {{Recognizing Textual Entailment and Computational Semantics}},
booktitle = {Computing Meaning},
year = {2014},
pages = {89--105},
publisher = {Springer Netherlands},
address = {Dordrecht}
}

@article{Wyner:2012bl,
author = {Wyner, Adam and Bos, Johan and Basile, Valerio and Quaresma, Paulo},
title = {{An Empirical Approach to the Semantic Representation of Laws.}},
journal = {JURIX},
year = {2012},
pages = {177--180}
}

@article{Curran:2007vq,
author = {Curran, James R and Clark, Stephen and Bos, Johan},
title = {{Linguistically Motivated Large-Scale NLP with C{\&}C and Boxer.}},
journal = {ACL 2007},
year = {2007}
}

@article{Bos:2011il,
author = {Bos, Johan},
title = {{A Survey of Computational Semantics: Representation, Inference and Knowledge in Wide-Coverage Text Understanding}},
journal = {Language and Linguistics Compass},
year = {2011},
volume = {5},
number = {6},
pages = {336--366},
month = jun
}

